<?xml version="1.0" encoding="UTF-8"?><collection xmlns="http://www.loc.gov/MARC21/slim"><record><leader>00337nam--2200121-i-4500</leader><controlfield tag="001">000039382</controlfield><controlfield tag="002">20161230</controlfield><controlfield tag="005">20161230201042</controlfield><controlfield tag="008">060222s1000------------r-----000-0-eng-d</controlfield><datafield ind1=" " ind2=" " tag="245"><subfield code="a">Rca transmitting tubes, to 4 kw plate in put</subfield></datafield><datafield ind1=" " ind2=" " tag="260"><subfield code="a">New York, Radio Corporation Of America, 1962. 320p</subfield></datafield><datafield ind1=" " ind2=" " tag="490"><subfield code="a">Technical Manual Tt-5</subfield></datafield><datafield ind1=" " ind2=" " tag="852"><subfield code="a">18886</subfield></datafield></record></collection>